% Encoding: UTF-8

@Book{Karwin2010,
  author    = {Karwin, Bill},
  date      = {2010-07-01},
  title     = {SQL Antipatterns},
  isbn      = {1934356557},
  pagetotal = {328},
  publisher = {O'Reilly UK Ltd.},
  ean       = {9781934356555},
  year      = {2010},
}

@Book{Kurose2016,
  author    = {Kurose, James and Keith, Ross and Ross, Keith W.},
  date      = {2016-11-21},
  title     = {Computer Networking: A Top-Down Approach, Global Edition},
  isbn      = {1292153598},
  pagetotal = {852},
  publisher = {Prentice Hall},
  ean       = {9781292153599},
  year      = {2016},
}

@Book{QuentinCharatan2019,
  author    = {Quentin Charatan, Aaron Kans},
  date      = {2019-03-01},
  title     = {Java in Two Semesters},
  isbn      = {3319994190},
  publisher = {Springer-Verlag GmbH},
  ean       = {9783319994192},
  year      = {2019},
}

@Comment{jabref-meta: databaseType:biblatex;}
